<record><leader>00000cas a2200000 a 4500</leader><controlfield tag="001">9247813</controlfield><controlfield tag="008">830223d18941984okudr ne      0   a0eng c</controlfield><datafield ind1=" " ind2=" " tag="010"><subfield code="a">sn 83025113 </subfield></datafield><datafield ind1=" " ind2=" " tag="040"><subfield code="a">WIH</subfield><subfield code="b">eng</subfield><subfield code="c">WIH</subfield><subfield code="d">NPV</subfield><subfield code="d">NPW</subfield><subfield code="d">DLC</subfield><subfield code="d">NPT</subfield><subfield code="d">NJW</subfield><subfield code="d">NVF</subfield><subfield code="d">OBN</subfield><subfield code="d">CVF</subfield><subfield code="d">DLC</subfield><subfield code="d">OCLCQ</subfield><subfield code="d">DLC</subfield><subfield code="d">KRTAS</subfield><subfield code="d">OCLCQ</subfield><subfield code="d">OCLCF</subfield><subfield code="d">OCLCO</subfield><subfield code="d">OKD</subfield></datafield><datafield ind1="1" ind2=" " tag="029"><subfield code="a">AU@</subfield><subfield code="b">000041633960</subfield></datafield><datafield ind1=" " ind2=" " tag="042"><subfield code="a">pcc</subfield></datafield><datafield ind1=" " ind2=" " tag="043"><subfield code="a">n-us-ok</subfield></datafield><datafield ind1="0" ind2="0" tag="050"><subfield code="a">Newspaper</subfield></datafield><datafield ind1="0" ind2=" " tag="130"><subfield code="a">Daily Oklahoman (Oklahoma City, Okla. : 1894)</subfield></datafield><datafield ind1="1" ind2="4" tag="245"><subfield code="a">The daily Oklahoman.</subfield></datafield><datafield ind1="1" ind2=" " tag="246"><subfield code="i">Some Sunday issues published as:</subfield><subfield code="a">Sunday Oklahoman</subfield></datafield><datafield ind1="1" ind2=" " tag="246"><subfield code="i">Issues for Feb. 12-23, 1894 published as:</subfield><subfield code="a">Evening Oklahoman</subfield></datafield><datafield ind1="1" ind2=" " tag="246"><subfield code="i">Some Saturday issues published as:</subfield><subfield code="a">Saturday Oklahoman &amp; times</subfield></datafield><datafield ind1="3" ind2=" " tag="246"><subfield code="a">Saturday Oklahoman and times</subfield></datafield><datafield ind1=" " ind2=" " tag="260"><subfield code="a">Oklahoma City, Okla. :</subfield><subfield code="b">Oklahoma Newspaper Co.,</subfield><subfield code="c">-1984.</subfield></datafield><datafield ind1=" " ind2=" " tag="300"><subfield code="a">v.</subfield></datafield><datafield ind1=" " ind2=" " tag="310"><subfield code="a">Daily</subfield></datafield><datafield ind1=" " ind2=" " tag="321"><subfield code="a">Daily (except Monday),</subfield><subfield code="b">&lt;Feb. 25, 1894-&gt;</subfield></datafield><datafield ind1="1" ind2=" " tag="362"><subfield code="a">Began in 1894.</subfield></datafield><datafield ind1="0" ind2=" " tag="362"><subfield code="a">-v. 93, no. 55 (Feb. 29, 1984).</subfield></datafield><datafield ind1=" " ind2=" " tag="500"><subfield code="a">Issue for Apr. 23, 1939 is the "Golden anniversary edition."</subfield></datafield><datafield ind1=" " ind2=" " tag="530"><subfield code="a">Available on microfilm from Bell &amp; Howell Information and Learning, and the Library of Congess, Photoduplication Service.</subfield></datafield><datafield ind1=" " ind2=" " tag="580"><subfield code="a">Merged with: Oklahoma City times (Oklahoma City, Okla. : 1908), to become: Daily Oklahoman Oklahoma City times.</subfield></datafield><datafield ind1=" " ind2=" " tag="580"><subfield code="a">Weekly eds.: Weekly Oklahoman, 1899-1903, and: Weekly Oklahoman, 1904-1911, and: Oklahoma farmer stockman.</subfield></datafield><datafield ind1=" " ind2=" " tag="580"><subfield code="a">Semiweekly ed.: Twice-a-week Oklahoman, Nov. 27, 1903-Aug. 12, 1904.</subfield></datafield><datafield ind1=" " ind2=" " tag="588"><subfield code="a">Description based on: Vol. 1, no. 100 (May 5, 1894).</subfield></datafield><datafield ind1=" " ind2="0" tag="651"><subfield code="a">Oklahoma City (Okla.)</subfield><subfield code="v">Newspapers.</subfield></datafield><datafield ind1=" " ind2="0" tag="651"><subfield code="a">Oklahoma County (Okla.)</subfield><subfield code="v">Newspapers.</subfield></datafield><datafield ind1=" " ind2="7" tag="651"><subfield code="a">Oklahoma</subfield><subfield code="z">Oklahoma City.</subfield><subfield code="2">fast</subfield><subfield code="0">(OCoLC)fst01204376</subfield></datafield><datafield ind1=" " ind2="7" tag="651"><subfield code="a">Oklahoma</subfield><subfield code="z">Oklahoma County.</subfield><subfield code="2">fast</subfield><subfield code="0">(OCoLC)fst01210430</subfield></datafield><datafield ind1=" " ind2="7" tag="655"><subfield code="a">Newspapers.</subfield><subfield code="2">fast</subfield><subfield code="0">(OCoLC)fst01423814</subfield></datafield><datafield ind1=" " ind2=" " tag="752"><subfield code="a">United States</subfield><subfield code="b">Oklahoma</subfield><subfield code="c">Oklahoma</subfield><subfield code="d">Oklahoma City.</subfield></datafield><datafield ind1="0" ind2=" " tag="775"><subfield code="t">Weekly Oklahoman (Oklahoma City, Okla. : 1889)</subfield><subfield code="w">(DLC)sn 85042353</subfield><subfield code="w">(OCoLC)12240798</subfield></datafield><datafield ind1="0" ind2=" " tag="775"><subfield code="t">Twice-a-week Oklahoman</subfield><subfield code="w">(DLC)sn 85042350</subfield><subfield code="w">(OCoLC)12239632</subfield></datafield><datafield ind1="0" ind2=" " tag="775"><subfield code="t">Weekly Oklahoman (Oklahoma City, Okla. : 1904)</subfield><subfield code="w">(DLC)sn 83045244</subfield><subfield code="w">(OCoLC)9571267</subfield></datafield><datafield ind1="0" ind2=" " tag="775"><subfield code="t">Oklahoma farmer stockman</subfield></datafield><datafield ind1="0" ind2="5" tag="780"><subfield code="t">Oklahoma press-gazette (Oklahoma City, Okla.: 1894)</subfield><subfield code="w">(DLC)sn 83045580</subfield><subfield code="w">(OCoLC)9547623</subfield></datafield><datafield ind1="1" ind2="7" tag="785"><subfield code="t">Oklahoma City times (Oklahoma City, Okla. : 1908)</subfield><subfield code="w">(DLC)sn 86064187</subfield><subfield code="w">(OCoLC)13764083</subfield></datafield><datafield ind1="1" ind2="7" tag="785"><subfield code="t">Daily Oklahoman Oklahoma City times</subfield><subfield code="w">(DLC)sn 85042357</subfield><subfield code="w">(OCoLC)12276836</subfield></datafield><datafield ind1=" " ind2=" " tag="938"><subfield code="a">Kirtas Technologies, Inc.</subfield><subfield code="b">KRTS</subfield><subfield code="n">736188</subfield></datafield></record>